{"eth_usd":[{"type":"bid","price":2621.97010728,"amount":0.00019487,"tid":202901077,"timestamp":1748434849},{"type":"bid","price":2621.97010728,"amount":0.00010637,"tid":202901076,"timestamp":1748434849},{"type":"bid","price":2621.97010728,"amount":0.00021951,"tid":202901075,"timestamp":1748434849},{"type":"bid","price":2620.54286916,"amount":0.00016313,"tid":202901074,"timestamp":1748434849},{"type":"bid","price":2620.54286916,"amount":0.00013073,"tid":202901073,"timestamp":1748434849},{"type":"bid","price":2620.54286916,"amount":0.00014009,"tid":202901072,"timestamp":1748434849},{"type":"bid","price":2620.54286916,"amount":0.00011768,"tid":202901071,"timestamp":1748434849},{"type":"bid","price":2620.54286916,"amount":0.00010781,"tid":202901070,"timestamp":1748434849},{"type":"bid","price":2620.54286916,"amount":0.00009011,"tid":202901069,"timestamp":1748431831},{"type":"bid","price":2620.54286916,"amount":0.00017096,"tid":202901068,"timestamp":1748431831},{"type":"bid","price":2620.54286916,"amount":0.00010489,"tid":202901067,"timestamp":1748431831},{"type":"bid","price":2620.54286916,"amount":0.00011106,"tid":202901066,"timestamp":1748431831},{"type":"bid","price":2620.54286916,"amount":0.0001115,"tid":202901065,"timestamp":1748431831},{"type":"bid","price":2620.54286916,"amount":0.00015471,"tid":202901064,"timestamp":1748431831},{"type":"bid","price":2620.54286916,"amount":0.00012006,"tid":202901063,"timestamp":1748431831},{"type":"bid","price":2620.54286916,"amount":0.0001115,"tid":202901062,"timestamp":1748431831},{"type":"bid","price":2620.54286916,"amount":0.00010477,"tid":202901061,"timestamp":1748431831},{"type":"bid","price":2620.54286916,"amount":0.00011731,"tid":202901060,"timestamp":1748431831},{"type":"bid","price":2620.54286916,"amount":0.00010396,"tid":202901059,"timestamp":1748431831},{"type":"bid","price":2620.54286916,"amount":0.00024027,"tid":202901058,"timestamp":1748431831},{"type":"bid","price":2620.54286916,"amount":0.00019009,"tid":202901057,"timestamp":1748431831},{"type":"bid","price":2620.54286916,"amount":0.00008796,"tid":202901056,"timestamp":1748431830},{"type":"bid","price":2620.54286916,"amount":0.00003808,"tid":202901055,"timestamp":1748428762},{"type":"bid","price":2620.54286916,"amount":0.00006552,"tid":202901054,"timestamp":1748428762},{"type":"bid","price":2620.54286916,"amount":0.00006877,"tid":202901053,"timestamp":1748428762},{"type":"bid","price":2620.54286916,"amount":0.0000347,"tid":202901052,"timestamp":1748428762},{"type":"bid","price":2620.54286916,"amount":0.00010095,"tid":202901051,"timestamp":1748428762},{"type":"bid","price":2620.54286916,"amount":0.00000496,"tid":202901050,"timestamp":1748428762},{"type":"bid","price":2620.54286916,"amount":0.00010336,"tid":202901049,"timestamp":1748428761},{"type":"bid","price":2620.54286916,"amount":0.00010356,"tid":202901048,"timestamp":1748428761},{"type":"bid","price":2689.9985031,"amount":0.00022703,"tid":202901047,"timestamp":1748428752},{"type":"bid","price":2678.09745,"amount":0.00059337,"tid":202901045,"timestamp":1748428752},{"type":"bid","price":2665.99,"amount":0.006,"tid":202901044,"timestamp":1748428752},{"type":"bid","price":2678.09745,"amount":0.00052915,"tid":202901043,"timestamp":1748428752},{"type":"bid","price":2678.097449,"amount":0.00015,"tid":202901042,"timestamp":1748428752},{"type":"bid","price":2666.11,"amount":0.00010335,"tid":202901041,"timestamp":1748428751},{"type":"bid","price":2666.11,"amount":0.00015351,"tid":202901040,"timestamp":1748428751},{"type":"bid","price":2666.11,"amount":0.00006834,"tid":202901039,"timestamp":1748428751},{"type":"bid","price":2666,"amount":0.00490873,"tid":202901038,"timestamp":1748428751},{"type":"bid","price":2659,"amount":0.00010566,"tid":202901037,"timestamp":1748428751},{"type":"bid","price":2659,"amount":0.00010312,"tid":202901036,"timestamp":1748428751},{"type":"bid","price":2659,"amount":0.00010332,"tid":202901035,"timestamp":1748428751},{"type":"bid","price":2653.889,"amount":0.00055035,"tid":202901034,"timestamp":1748428751},{"type":"bid","price":2642,"amount":0.0035879,"tid":202901033,"timestamp":1748428751},{"type":"bid","price":2600,"amount":0.01718383,"tid":202901032,"timestamp":1748428745},{"type":"ask","price":2600,"amount":0.00016313,"tid":202901031,"timestamp":1748428744},{"type":"ask","price":2600,"amount":0.00013073,"tid":202901030,"timestamp":1748428744},{"type":"ask","price":2600,"amount":0.00014009,"tid":202901029,"timestamp":1748428744},{"type":"ask","price":2600,"amount":0.00011768,"tid":202901028,"timestamp":1748428744},{"type":"ask","price":2600,"amount":0.00019792,"tid":202901027,"timestamp":1748428744},{"type":"ask","price":2600,"amount":0.00017096,"tid":202901026,"timestamp":1748428744},{"type":"ask","price":2600,"amount":0.00010489,"tid":202901025,"timestamp":1748428744},{"type":"ask","price":2600,"amount":0.00011106,"tid":202901024,"timestamp":1748428744},{"type":"ask","price":2600,"amount":0.0001115,"tid":202901023,"timestamp":1748428744},{"type":"ask","price":2600,"amount":0.00015471,"tid":202901022,"timestamp":1748428744},{"type":"ask","price":2600,"amount":0.00012006,"tid":202901021,"timestamp":1748428744},{"type":"ask","price":2600,"amount":0.0001115,"tid":202901020,"timestamp":1748428744},{"type":"ask","price":2600,"amount":0.00010477,"tid":202901019,"timestamp":1748428744},{"type":"ask","price":2600,"amount":0.00011731,"tid":202901018,"timestamp":1748428744},{"type":"ask","price":2600,"amount":0.00010396,"tid":202901017,"timestamp":1748428744},{"type":"ask","price":2600,"amount":0.00024027,"tid":202901016,"timestamp":1748428743},{"type":"ask","price":2600,"amount":0.00019009,"tid":202901015,"timestamp":1748428743},{"type":"ask","price":2600,"amount":0.00012604,"tid":202901014,"timestamp":1748428743},{"type":"ask","price":2600,"amount":0.00013429,"tid":202901013,"timestamp":1748428743},{"type":"ask","price":2600,"amount":0.00013565,"tid":202901012,"timestamp":1748428743},{"type":"ask","price":2600,"amount":0.00021188,"tid":202901011,"timestamp":1748428743},{"type":"ask","price":2600.39974088,"amount":0.00019487,"tid":202901010,"timestamp":1748428743},{"type":"ask","price":2600.39974088,"amount":0.00010637,"tid":202901009,"timestamp":1748428743},{"type":"ask","price":2600.39974088,"amount":0.00021951,"tid":202901008,"timestamp":1748428743},{"type":"ask","price":2618.39721254,"amount":0.00055035,"tid":202901007,"timestamp":1748428743},{"type":"ask","price":2618.6,"amount":0.006,"tid":202901006,"timestamp":1748428743},{"type":"ask","price":2618.60000001,"amount":0.00274658,"tid":202901005,"timestamp":1748428743},{"type":"ask","price":2642,"amount":0.0001,"tid":202901004,"timestamp":1748426505},{"type":"ask","price":2642,"amount":0.00010566,"tid":202901003,"timestamp":1748426505},{"type":"ask","price":2642,"amount":0.00010312,"tid":202901002,"timestamp":1748426505},{"type":"ask","price":2642,"amount":0.00010332,"tid":202901001,"timestamp":1748426505},{"type":"ask","price":2642.01,"amount":0.0001,"tid":202901000,"timestamp":1748385862},{"type":"ask","price":2642.01,"amount":0.0001,"tid":202900999,"timestamp":1748384858},{"type":"ask","price":2642.01,"amount":0.0001,"tid":202900998,"timestamp":1748383836},{"type":"ask","price":2642.01,"amount":0.0001,"tid":202900997,"timestamp":1748383676},{"type":"ask","price":2642.01,"amount":0.0001,"tid":202900996,"timestamp":1748383470},{"type":"ask","price":2642.01,"amount":0.0001,"tid":202900995,"timestamp":1748381868},{"type":"ask","price":2642.01,"amount":0.00009665,"tid":202900994,"timestamp":1748381754},{"type":"ask","price":2649.01,"amount":0.00000335,"tid":202900993,"timestamp":1748381754},{"type":"ask","price":2649.01,"amount":0.0001,"tid":202900992,"timestamp":1748369513},{"type":"bid","price":2666.11,"amount":0.00003488,"tid":202900991,"timestamp":1748369506},{"type":"bid","price":2666.11,"amount":0.0001031,"tid":202900990,"timestamp":1748369506},{"type":"bid","price":2659,"amount":0.00010541,"tid":202900989,"timestamp":1748369506},{"type":"bid","price":2659,"amount":0.00010288,"tid":202900988,"timestamp":1748369506},{"type":"bid","price":2659,"amount":0.00010308,"tid":202900987,"timestamp":1748369506},{"type":"bid","price":2650,"amount":0.00457429,"tid":202900986,"timestamp":1748369457},{"type":"bid","price":2650,"amount":0.0502789,"tid":202900985,"timestamp":1748369403},{"type":"bid","price":2650,"amount":0.27701074,"tid":202900984,"timestamp":1748369353},{"type":"bid","price":2650,"amount":0.00075276,"tid":202900983,"timestamp":1748369334},{"type":"bid","price":2650,"amount":0.00075284,"tid":202900982,"timestamp":1748369298},{"type":"bid","price":2650,"amount":0.00075284,"tid":202900981,"timestamp":1748369292},{"type":"bid","price":2650,"amount":0.00075284,"tid":202900980,"timestamp":1748369255},{"type":"bid","price":2650,"amount":0.00822176,"tid":202900979,"timestamp":1748368868},{"type":"bid","price":2650,"amount":0.0082187,"tid":202900978,"timestamp":1748368856},{"type":"bid","price":2650,"amount":0.00808141,"tid":202900977,"timestamp":1748368841},{"type":"bid","price":2650,"amount":0.00808141,"tid":202900976,"timestamp":1748368836},{"type":"bid","price":2650,"amount":0.00808141,"tid":202900975,"timestamp":1748368833},{"type":"bid","price":2650,"amount":0.00808141,"tid":202900974,"timestamp":1748368828},{"type":"bid","price":2650,"amount":0.00808141,"tid":202900973,"timestamp":1748368824},{"type":"bid","price":2650,"amount":0.00808141,"tid":202900972,"timestamp":1748368819},{"type":"bid","price":2650,"amount":0.00808141,"tid":202900971,"timestamp":1748368807},{"type":"bid","price":2650,"amount":0.00808141,"tid":202900970,"timestamp":1748368799},{"type":"bid","price":2650,"amount":0.00808141,"tid":202900969,"timestamp":1748368792},{"type":"bid","price":2650,"amount":0.00808141,"tid":202900968,"timestamp":1748368787},{"type":"bid","price":2650,"amount":0.00808141,"tid":202900967,"timestamp":1748368782},{"type":"bid","price":2650,"amount":0.00808141,"tid":202900966,"timestamp":1748368777},{"type":"bid","price":2650,"amount":0.00808141,"tid":202900965,"timestamp":1748368771},{"type":"bid","price":2650,"amount":0.00808141,"tid":202900964,"timestamp":1748368767},{"type":"bid","price":2650,"amount":0.00808141,"tid":202900963,"timestamp":1748368759},{"type":"bid","price":2650,"amount":0.00808141,"tid":202900962,"timestamp":1748368748},{"type":"bid","price":2650,"amount":0.00806486,"tid":202900961,"timestamp":1748368736},{"type":"bid","price":2650,"amount":0.00804788,"tid":202900960,"timestamp":1748368722},{"type":"bid","price":2650,"amount":0.007954,"tid":202900959,"timestamp":1748368709},{"type":"bid","price":2650,"amount":0.00795706,"tid":202900958,"timestamp":1748368701},{"type":"bid","price":2650,"amount":0.00795707,"tid":202900957,"timestamp":1748368691},{"type":"bid","price":2650,"amount":0.00795707,"tid":202900956,"timestamp":1748368683},{"type":"bid","price":2650,"amount":0.00795706,"tid":202900955,"timestamp":1748368674},{"type":"bid","price":2650,"amount":0.00793758,"tid":202900954,"timestamp":1748368661},{"type":"bid","price":2650,"amount":0.00791769,"tid":202900953,"timestamp":1748368642},{"type":"bid","price":2650,"amount":0.0079011,"tid":202900952,"timestamp":1748368616},{"type":"bid","price":2650,"amount":0.00739539,"tid":202900951,"timestamp":1748368606},{"type":"bid","price":2649.99,"amount":0.0001,"tid":202900950,"timestamp":1748368597},{"type":"bid","price":2649.99,"amount":0.00038501,"tid":202900949,"timestamp":1748368581},{"type":"bid","price":2650,"amount":0.00785932,"tid":202900948,"timestamp":1748368554},{"type":"bid","price":2650,"amount":0.00779396,"tid":202900947,"timestamp":1748368543},{"type":"bid","price":2650,"amount":0.00779396,"tid":202900946,"timestamp":1748368532},{"type":"bid","price":2650,"amount":0.00779396,"tid":202900945,"timestamp":1748368525},{"type":"bid","price":2650,"amount":0.00777136,"tid":202900944,"timestamp":1748368502},{"type":"bid","price":2650,"amount":0.0077484,"tid":202900943,"timestamp":1748368487},{"type":"bid","price":2650,"amount":0.02559653,"tid":202900942,"timestamp":1748368469},{"type":"bid","price":2650,"amount":0.0001979,"tid":202900941,"timestamp":1748368457},{"type":"bid","price":2650,"amount":0.02553697,"tid":202900940,"timestamp":1748368451},{"type":"bid","price":2650,"amount":0.02547411,"tid":202900939,"timestamp":1748368429},{"type":"bid","price":2650,"amount":0.00019784,"tid":202900938,"timestamp":1748368428},{"type":"bid","price":2650,"amount":0.02540788,"tid":202900937,"timestamp":1748368406},{"type":"bid","price":2650,"amount":0.00828252,"tid":202900936,"timestamp":1748368245},{"type":"bid","price":2650,"amount":0.02529705,"tid":202900935,"timestamp":1748368237},{"type":"bid","price":2650,"amount":0.112191,"tid":202900934,"timestamp":1748368232},{"type":"bid","price":2650,"amount":0.112191,"tid":202900933,"timestamp":1748368198},{"type":"bid","price":2650,"amount":0.112191,"tid":202900932,"timestamp":1748368183},{"type":"bid","price":2650,"amount":0.02527581,"tid":202900931,"timestamp":1748368126},{"type":"bid","price":2650,"amount":0.0007529,"tid":202900930,"timestamp":1748368092},{"type":"bid","price":2650,"amount":0.0007529,"tid":202900929,"timestamp":1748368056},{"type":"bid","price":2650,"amount":0.00006867,"tid":202900928,"timestamp":1748368025},{"type":"bid","price":2650,"amount":0.0001,"tid":202900927,"timestamp":1748368025}]}